@article{chevyrev2018signature,
	title={Signature moments to characterize laws of stochastic processes},
	author={Chevyrev, Ilya and Oberhauser, Harald},
	journal={arXiv preprint arXiv:1810.10971},
	year={2018}
}

@article{kiraly2019kernels,
	title={Kernels for sequentially ordered data},
	author={Kir{\'a}ly, Franz J and Oberhauser, Harald},
	journal={Journal of Machine Learning Research},
	volume={20},
	number={31},
	pages={1--45},
	year={2019}
}

@article{kidger2021neural,
	title={Neural SDEs as Infinite-Dimensional GANs},
	author={Kidger, Patrick and Foster, James and Li, Xuechen and Oberhauser, Harald and Lyons, Terry},
	journal={arXiv preprint arXiv:2102.03657},
	year={2021}
}

@article{foster2020optimal,
	title={An optimal polynomial approximation of Brownian motion},
	author={Foster, James and Lyons, Terry and Oberhauser, Harald},
	journal={SIAM Journal on Numerical Analysis},
	volume={58},
	number={3},
	pages={1393--1421},
	year={2020},
	publisher={SIAM}
}

@article{toth2019variational,
	title={Variational gaussian processes with signature covariances},
	author={Toth, Csaba and Oberhauser, Harald},
	journal={arXiv preprint arXiv:1906.08215},
	year={2019}
}

@inproceedings{toth2020bayesian,
	title={Bayesian learning from sequential data using gaussian processes with signature covariances},
	author={Toth, Csaba and Oberhauser, Harald},
	booktitle={International Conference on Machine Learning},
	pages={9548--9560},
	year={2020},
	organization={PMLR}
}

@article{toth2020seq2tens,
	title={Seq2tens: An efficient representation of sequences by low-rank tensor projections},
	author={Toth, Csaba and Bonnier, Patric and Oberhauser, Harald},
	journal={arXiv preprint arXiv:2006.07027},
	year={2020}
}

@article{bonnier2020adapted,
	title={Adapted topologies and higher rank signatures},
	author={Bonnier, Patric and Liu, Chong and Oberhauser, Harald},
	journal={arXiv preprint arXiv:2005.08897},
	year={2020}
}

@article{lyons1998differential,
	title={Differential equations driven by rough signals},
	author={Lyons, Terry J},
	journal={Revista Matem{\'a}tica Iberoamericana},
	volume={14},
	number={2},
	pages={215--310},
	year={1998}
}

@book{lyons2007differential,
	title={Differential equations driven by rough paths},
	author={Lyons, Terry J and Caruana, Michael and L{\'e}vy, Thierry},
	year={2007},
	publisher={Springer}
}


@article{lyons2014rough,
	title={Rough paths, signatures and the modelling of functions on streams},
	author={Lyons, Terry},
	journal={arXiv preprint arXiv:1405.4537},
	year={2014}
}

@article{kidger2020neural,
	title={Neural controlled differential equations for irregular time series},
	author={Kidger, Patrick and Morrill, James and Foster, James and Lyons, Terry},
	journal={arXiv preprint arXiv:2005.08926},
	year={2020}
}

@article{boedihardjo2016signature,
	title={The signature of a rough path: uniqueness},
	author={Boedihardjo, Horatio and Geng, Xi and Lyons, Terry and Yang, Danyu},
	journal={Advances in Mathematics},
	volume={293},
	pages={720--737},
	year={2016},
	publisher={Elsevier}
}

@article{kidger2020signatory,
	title={Signatory: differentiable computations of the signature and logsignature transforms, on both CPU and GPU},
	author={Kidger, Patrick and Lyons, Terry},
	journal={arXiv preprint arXiv:2001.00706},
	year={2020}
}

@article{levin2013learning,
	title={Learning from the past, predicting the statistics for the future, learning an evolving system},
	author={Levin, Daniel and Lyons, Terry and Ni, Hao},
	journal={arXiv preprint arXiv:1309.0260},
	year={2013}
}



@article{liao2019learning,
	title={Learning stochastic differential equations using RNN with log signature features},
	author={Liao, Shujian and Lyons, Terry and Yang, Weixin and Ni, Hao},
	journal={arXiv preprint arXiv:1908.08286},
	year={2019}
}


@book{friz2020course,
	title={A course on rough paths},
	author={Friz, Peter K and Hairer, Martin},
	year={2020},
	publisher={Springer}
}

@incollection{reutenauer2003free,
  title={Free lie algebras},
  author={Reutenauer, Christophe},
  booktitle={Handbook of algebra},
  volume={3},
  pages={887--903},
  year={2003},
  publisher={Elsevier}
}

@article{1993Probability,
	title={Probability Metrics and the Stability of Stochastic Models},
	author={ Freeman, Jim },
	journal={Journal of the Operational Research Society},
	volume={43},
	number={9},
	pages={923-923},
	year={1993},
}

@article{kingma2019introduction,
	title={An introduction to variational autoencoders},
	author={Kingma, Diederik P and Welling, Max},
	journal={arXiv preprint arXiv:1906.02691},
	year={2019}
}

@article{sohn2015learning,
	title={Learning structured output representation using deep conditional generative models},
	author={Sohn, Kihyuk and Lee, Honglak and Yan, Xinchen},
	journal={Advances in neural information processing systems},
	volume={28},
	pages={3483--3491},
	year={2015}
}

@article{kingma2013auto,
	title={Auto-encoding variational bayes},
	author={Kingma, Diederik P and Welling, Max},
	journal={arXiv preprint arXiv:1312.6114},
	year={2013}
}

@article{higgins2016beta,
	title={beta-vae: Learning basic visual concepts with a constrained variational framework},
	author={Higgins, Irina and Matthey, Loic and Pal, Arka and Burgess, Christopher and Glorot, Xavier and Botvinick, Matthew and Mohamed, Shakir and Lerchner, Alexander},
	year={2016}
}

@inproceedings{fortuin2020gp,
	title={Gp-vae: Deep probabilistic time series imputation},
	author={Fortuin, Vincent and Baranchuk, Dmitry and R{\"a}tsch, Gunnar and Mandt, Stephan},
	booktitle={International Conference on Artificial Intelligence and Statistics},
	pages={1651--1661},
	year={2020},
	organization={PMLR}
}

@article{abiri2020variational,
	title={Variational auto-encoders with Student's t-prior},
	author={Abiri, Najmeh and Ohlsson, Mattias},
	journal={arXiv preprint arXiv:2004.02581},
	year={2020}
}

@article{abiri2019advantage,
	title={The advantage of using Student's t-priors in variational autoencoders},
	author={Abiri, Najmeh and Ohlsson, Mattias},
	year={2019}
}

@article{buehler2020data,
	title={A data-driven market simulator for small data environments},
	author={Buehler, Hans and Horvath, Blanka and Lyons, Terry and Perez Arribas, Imanol and Wood, Ben},
	journal={Available at SSRN 3632431},
	year={2020}
}
@article{flint2016discretely,
  title={Discretely sampled signals and the rough Hoff process},
  author={Flint, Guy and Hambly, Ben and Lyons, Terry},
  journal={Stochastic Processes and their Applications},
  volume={126},
  number={9},
  pages={2593--2614},
  year={2016},
  publisher={Elsevier}
}

@article{cont2001empirical,
  title={Empirical properties of asset returns: stylized facts and statistical issues},
  author={Cont, Rama},
  year={2001},
  publisher={Taylor \& Francis}
}

@article{gretton2012kernel,
	title={A kernel two-sample test},
	author={Gretton, Arthur and Borgwardt, Karsten M and Rasch, Malte J and Sch{\"o}lkopf, Bernhard and Smola, Alexander},
	journal={The Journal of Machine Learning Research},
	volume={13},
	number={1},
	pages={723--773},
	year={2012},
	publisher={JMLR. org}
}

@inproceedings{gretton2009fast,
	title={A Fast, Consistent Kernel Two-Sample Test.},
	author={Gretton, Arthur and Fukumizu, Kenji and Harchaoui, Zaid and Sriperumbudur, Bharath K},
	booktitle={NIPS},
	volume={23},
	pages={673--681},
	year={2009}
}

@inproceedings{chwialkowski2016kernel,
	title={A kernel test of goodness of fit},
	author={Chwialkowski, Kacper and Strathmann, Heiko and Gretton, Arthur},
	booktitle={International conference on machine learning},
	pages={2606--2615},
	year={2016},
	organization={PMLR}
}

@article{sejdinovic2013equivalence,
	title={Equivalence of distance-based and RKHS-based statistics in hypothesis testing},
	author={Sejdinovic, Dino and Sriperumbudur, Bharath and Gretton, Arthur and Fukumizu, Kenji},
	journal={The Annals of Statistics},
	pages={2263--2291},
	year={2013},
	publisher={JSTOR}
}

@article{jitkrittum2016interpretable,
	title={Interpretable distribution features with maximum testing power},
	author={Jitkrittum, Wittawat and Szab{\'o}, Zolt{\'a}n and Chwialkowski, Kacper and Gretton, Arthur},
	journal={arXiv preprint arXiv:1605.06796},
	year={2016}
}

@article{sriperumbudur2010hilbert,
	title={Hilbert space embeddings and metrics on probability measures},
	author={Sriperumbudur, Bharath K and Gretton, Arthur and Fukumizu, Kenji and Sch{\"o}lkopf, Bernhard and Lanckriet, Gert RG},
	journal={The Journal of Machine Learning Research},
	volume={11},
	pages={1517--1561},
	year={2010},
	publisher={JMLR. org}
}